@online{predprob,
  title        = {Introduction and Models},
  date         = 2011,
  url          = {https://courses.cs.washington.edu/courses/cse522/11wi/scribes/lecture1.pdf},
  subtitle     = {Prediction Problems},
  urldate      = {2018-05-13},
  label        = {Strategy},
  langid       = {english},
  langidopts   = {variant=american},
  annotation   = {This is an \texttt{online} entry. The \textsc{url}, which is
                  given in the \texttt{url} field, is transformed into a
                  clickable link if \texttt{hyperref} support has been
                  enabled. Note the format of the \texttt{urldate} field
                  (\texttt{yyyy-mm-dd}) in the database file. Also note the
                  \texttt{label} field which may be used as a fallback by
                  citation styles which need an \texttt{author} and\slash or a
                  \texttt{year}},
}

@online{neuralnetForm,
  title        = {INF5870 - Deep Learning for Energy Forecasting},
  date         = 2018,
  url          = {http://folk.uio.no/yanzhang/INF5870-2018/DeepLearningforEnergyForecasting-Lecture10.pdf},
  subtitle     = {From Biological Model to a Single Artificial Neuron (II)},
  urldate      = {2018-05-13},
  label        = {page 9 of lecture slide},
  langid       = {english},
  langidopts   = {variant=american},
  annotation   = {This is an \texttt{online} entry. The \textsc{url}, which is
                  given in the \texttt{url} field, is transformed into a
                  clickable link if \texttt{hyperref} support has been
                  enabled. Note the format of the \texttt{urldate} field
                  (\texttt{yyyy-mm-dd}) in the database file. Also note the
                  \texttt{label} field which may be used as a fallback by
                  citation styles which need an \texttt{author} and\slash or a
                  \texttt{year}},
}

@online{rmseForm,
  title        = {INF5870 - Deep Learning for Renewable Energy Forecasting},
  date         = 2018,
  url          = {http://folk.uio.no/yanzhang/INF5870-2018/DeepLearningforEnergyForecasting-Lecture10.pdf},
  subtitle     = {Metrics measures the model goodness in prediction},
  urldate      = {2018-05-13},
  label        = {page 56 of lecture slide},
  langid       = {english},
  langidopts   = {variant=american},
  annotation   = {This is an \texttt{online} entry. The \textsc{url}, which is
                  given in the \texttt{url} field, is transformed into a
                  clickable link if \texttt{hyperref} support has been
                  enabled. Note the format of the \texttt{urldate} field
                  (\texttt{yyyy-mm-dd}) in the database file. Also note the
                  \texttt{label} field which may be used as a fallback by
                  citation styles which need an \texttt{author} and\slash or a
                  \texttt{year}},
}

@online{winddir,
  title        = {Wind Direction Quick Reference},
  date         = 2018,
  url          = {https://www.eol.ucar.edu/content/wind-direction-quick-reference},
  subtitle     = {Geographic wind direction},
  urldate      = {2018-05-14},
  label        = {subsection 5 of wind direction quick reference},
  langid       = {english},
  langidopts   = {variant=american},
  annotation   = {This is an \texttt{online} entry. The \textsc{url}, which is
                  given in the \texttt{url} field, is transformed into a
                  clickable link if \texttt{hyperref} support has been
                  enabled. Note the format of the \texttt{urldate} field
                  (\texttt{yyyy-mm-dd}) in the database file. Also note the
                  \texttt{label} field which may be used as a fallback by
                  citation styles which need an \texttt{author} and\slash or a
                  \texttt{year}},
}

@online{rnnForm,
  title        = {CS224d - Deep NLP: Recurrent	Neural	Networks},
  date         = 2016,
  url          = {http://cs224d.stanford.edu/lectures/CS224d-Lecture8.pdf},
  subtitle     = {Geographic wind direction},
  urldate      = {2018-05-14},
  label        = {page 16 of lecture slide},
  langid       = {english},
  langidopts   = {variant=american},
  annotation   = {This is an \texttt{online} entry. The \textsc{url}, which is
                  given in the \texttt{url} field, is transformed into a
                  clickable link if \texttt{hyperref} support has been
                  enabled. Note the format of the \texttt{urldate} field
                  (\texttt{yyyy-mm-dd}) in the database file. Also note the
                  \texttt{label} field which may be used as a fallback by
                  citation styles which need an \texttt{author} and\slash or a
                  \texttt{year}},
}

@online{rnnLec,
  title        = {INF5870 - Deep Learning for Renewable Energy Forecasting},
  date         = 2018,
  url          = {http://folk.uio.no/yanzhang/INF5870-2018/DeepLearningforEnergyForecasting-Lecture10.pdf},
  subtitle     = {Recurrent Neural Networks: architecture (I-III)},
  urldate      = {2018-05-14},
  label        = {page 40,41 and 42 of lecture slide},
  langid       = {english},
  langidopts   = {variant=american},
  annotation   = {This is an \texttt{online} entry. The \textsc{url}, which is
                  given in the \texttt{url} field, is transformed into a
                  clickable link if \texttt{hyperref} support has been
                  enabled. Note the format of the \texttt{urldate} field
                  (\texttt{yyyy-mm-dd}) in the database file. Also note the
                  \texttt{label} field which may be used as a fallback by
                  citation styles which need an \texttt{author} and\slash or a
                  \texttt{year}},
}

@online{rnnCode,
  title        = {INF5870 - Deep Learning for Renewable Energy Forecasting},
  date         = 2018,
  url          = {http://folk.uio.no/yanzhang/INF5870-2018/DeepLearningforEnergyForecasting-Lecture10.pdf},
  subtitle     = {R code to build recurrent neural network model},
  urldate      = {2018-05-14},
  label        = {page 50 of lecture slide},
  langid       = {english},
  langidopts   = {variant=american},
  annotation   = {This is an \texttt{online} entry. The \textsc{url}, which is
                  given in the \texttt{url} field, is transformed into a
                  clickable link if \texttt{hyperref} support has been
                  enabled. Note the format of the \texttt{urldate} field
                  (\texttt{yyyy-mm-dd}) in the database file. Also note the
                  \texttt{label} field which may be used as a fallback by
                  citation styles which need an \texttt{author} and\slash or a
                  \texttt{year}},
}

@online{svmForm,
  title        = {INF5870 - Machine Learning for Energy Forecasting},
  date         = 2018,
  url          = {http://folk.uio.no/yanzhang/INF5870-2018/MachineLearningforEnergyForecasting-Lecture9.pdf},
  subtitle     = {Support Vectors Regression (SVR)},
  urldate      = {2018-05-14},
  label        = {page 52 of lecture slide},
  langid       = {english},
  langidopts   = {variant=american},
  annotation   = {This is an \texttt{online} entry. The \textsc{url}, which is
                  given in the \texttt{url} field, is transformed into a
                  clickable link if \texttt{hyperref} support has been
                  enabled. Note the format of the \texttt{urldate} field
                  (\texttt{yyyy-mm-dd}) in the database file. Also note the
                  \texttt{label} field which may be used as a fallback by
                  citation styles which need an \texttt{author} and\slash or a
                  \texttt{year}},
}